<record><leader>00000cas a22000007a 4500</leader><controlfield tag="001">14086904</controlfield><controlfield tag="008">860813d19101927txuwr ne      0    0eng d</controlfield><controlfield tag="009">6576</controlfield><datafield ind1=" " ind2=" " tag="010"><subfield code="a">sn 86088448 </subfield></datafield><datafield ind1=" " ind2=" " tag="040"><subfield code="a">PPM</subfield><subfield code="b">eng</subfield><subfield code="c">PPM</subfield><subfield code="d">DLC</subfield><subfield code="d">OCL</subfield><subfield code="d">OCLCQ</subfield></datafield><datafield ind1="1" ind2=" " tag="029"><subfield code="a">AU@</subfield><subfield code="b">000025834802</subfield></datafield><datafield ind1=" " ind2=" " tag="042"><subfield code="a">msc</subfield></datafield><datafield ind1="0" ind2=" " tag="130"><subfield code="a">Democrat-voice (Coleman, Tex.: 1910)</subfield></datafield><datafield ind1="0" ind2="4" tag="245"><subfield code="a">The Democrat-voice.</subfield></datafield><datafield ind1="3" ind2="0" tag="246"><subfield code="a">Democrat voice</subfield></datafield><datafield ind1="1" ind2="3" tag="246"><subfield code="a">Coleman Democrat-voice</subfield></datafield><datafield ind1=" " ind2=" " tag="260"><subfield code="a">Coleman, Tex. :</subfield><subfield code="b">The Democrat-Voice Pub. Co.,</subfield><subfield code="c">1910-1927.</subfield></datafield><datafield ind1=" " ind2=" " tag="300"><subfield code="a">46 v. :</subfield><subfield code="b">ill. (chiefly advertisements) ;</subfield><subfield code="c">56 cm.</subfield></datafield><datafield ind1=" " ind2=" " tag="310"><subfield code="a">Weekly</subfield></datafield><datafield ind1="0" ind2=" " tag="362"><subfield code="a">Vol. 1, no. 1 (Feb. 10, 1910)-v. 46, no. 28 (July 15, 1927).</subfield></datafield><datafield ind1=" " ind2=" " tag="515"><subfield code="a">Jan 31, 1913, numbering changes to Vol. 32, no. 5.</subfield></datafield><datafield ind1=" " ind2=" " tag="580"><subfield code="a">Formed by the union of: Coleman voice, and: Coleman Democrat.</subfield></datafield><datafield ind1=" " ind2=" " tag="752"><subfield code="a">United States</subfield><subfield code="b">Texas</subfield><subfield code="c">Coleman</subfield><subfield code="d">Coleman.</subfield></datafield><datafield ind1="1" ind2="4" tag="780"><subfield code="t">Coleman voice</subfield></datafield><datafield ind1="1" ind2="4" tag="780"><subfield code="t">Coleman Democrat</subfield></datafield><datafield ind1="0" ind2="0" tag="785"><subfield code="t">Coleman Democrat-voice</subfield><subfield code="w">(OCoLC)14086844</subfield></datafield></record>